<?xml version="1.0" encoding="UTF-8"?>
<collection xmlns:xsi="http://www.w3.org/2001/XMLSchema-instance" xsi:schemaLocation="http://www.loc.gov/MARC21/slim http://www.loc.gov/standards/marcxml/schema/MARC21slim.xsd" xmlns="http://www.loc.gov/MARC21/slim">
<record>
  <leader>01097cam a2200301   4500</leader>
  <controlfield tag="001">3071290</controlfield>
  <controlfield tag="003">NNC</controlfield>
  <controlfield tag="005">20130520200850.0</controlfield>
  <controlfield tag="008">890301s1932    ua            000 0 araod</controlfield>
  <datafield tag="035" ind1=" " ind2=" ">
    <subfield code="a">(OCoLC)ocm23510744</subfield>
  </datafield>
  <datafield tag="035" ind1=" " ind2=" ">
    <subfield code="9">ATP4249CU</subfield>
  </datafield>
  <datafield tag="035" ind1=" " ind2=" ">
    <subfield code="a">(NNC)3071290</subfield>
  </datafield>
  <datafield tag="035" ind1=" " ind2=" ">
    <subfield code="a">3071290</subfield>
  </datafield>
  <datafield tag="040" ind1=" " ind2=" ">
    <subfield code="a">EYM</subfield>
    <subfield code="c">EYM</subfield>
    <subfield code="d">CGU</subfield>
    <subfield code="d">ZCU</subfield>
  </datafield>
  <datafield tag="050" ind1=" " ind2="4">
    <subfield code="a">PJ 7750</subfield>
    <subfield code="b">.I13 Z38 A17 1932</subfield>
  </datafield>
  <datafield tag="099" ind1=" " ind2=" ">
    <subfield code="a">893.7Ib563</subfield>
    <subfield code="a">L</subfield>
  </datafield>
  <datafield tag="100" ind1="1" ind2=" ">
    <subfield code="a">Ibn Zaydūn, Aḥmad ibn ʻAbd Allāh,</subfield>
    <subfield code="d">1003 or 1004-1071.</subfield>
  </datafield>
  <datafield tag="245" ind1="1" ind2="0">
    <subfield code="a">Dīwān /</subfield>
    <subfield code="c">Ibn Zaydūn, rasāʾiluhu, akhbāruhu, shiʻr al-malikayn ; sharḥ wa-ḍabṭ wa-taṣnīf Kāmil Kīlānī wa-ʻAbd al-Raḥmān Khalīfah.</subfield>
  </datafield>
  <datafield tag="250" ind1=" " ind2=" ">
    <subfield code="a">al-Ṭabʻah 1.</subfield>
  </datafield>
  <datafield tag="260" ind1=" " ind2=" ">
    <subfield code="a">Miṣr :</subfield>
    <subfield code="b">Muṣṭafá al-Bābī al-Ḥalabī,</subfield>
    <subfield code="c">1932.</subfield>
  </datafield>
  <datafield tag="300" ind1=" " ind2=" ">
    <subfield code="a">56, 463 p.</subfield>
    <subfield code="c">25 cm.</subfield>
  </datafield>
  <datafield tag="490" ind1="1" ind2=" ">
    <subfield code="a">Shuʻarāʾ al-Andalus</subfield>
  </datafield>
  <datafield tag="700" ind1="0" ind2=" ">
    <subfield code="a">Muʻtamid,</subfield>
    <subfield code="c">King of Seville,</subfield>
    <subfield code="d">1039-1095.</subfield>
  </datafield>
  <datafield tag="700" ind1="1" ind2=" ">
    <subfield code="a">Muʻtaḍid ibn ʻAbbād,</subfield>
    <subfield code="d">1013-1069.</subfield>
  </datafield>
  <datafield tag="700" ind1="1" ind2=" ">
    <subfield code="a">Kīlānī, Kāmil,</subfield>
    <subfield code="d">1897-1959,</subfield>
    <subfield code="e">editor.</subfield>
  </datafield>
  <datafield tag="700" ind1="1" ind2=" ">
    <subfield code="a">Khalīfah, ʻAbd al-Raḥmān.</subfield>
  </datafield>
  <datafield tag="830" ind1=" " ind2="0">
    <subfield code="a">Shuʻarāʼ al-Andalus.</subfield>
  </datafield>
  <datafield tag="955" ind1=" " ind2=" ">
    <subfield code="b">CU58870865</subfield>
    <subfield code="d">off,glx</subfield>
    <subfield code="e">893.7Ib563 L</subfield>
  </datafield>
</record>
</collection>